%% This BibTeX bibliography file was created using BibDesk.
%% https://bibdesk.sourceforge.io/

%% Created for Tyler Foster at 2025-06-15 00:50:21 -0400 


%% Saved with string encoding Unicode (UTF-8) 



@misc{DiffProg,
	archiveprefix = {arXiv},
	author = {Mathieu Blondel and Vincent Roulet},
	eprint = {2403.14606},
	primaryclass = {cs.LG},
	title = {The Elements of Differentiable Programming},
	url = {https://arxiv.org/abs/2403.14606},
	year = {2024},
	bdsk-url-1 = {https://arxiv.org/abs/2403.14606}}

@inproceedings{WWJH21,
	author = {Wang, Yue and Wang, Weishi and Joty, Shafiq and Hoi, Steven C.H.},
	booktitle = {EMNLP},
	date-modified = {2025-06-02 11:17:25 -0400},
	title = {CodeT5: Identifier-aware Unified Pre-trained Encoder-Decoder Models for Code Understanding and Generation},
	year = {2021}}

@inproceedings{LWGSH22,
	author = {Le, Hung and Wang, Yue and Gotmare, Akhilesh Deepak and Savarese, Silvio and Hoi, Steven C. H.},
	booktitle = {NeurIPS},
	date-modified = {2025-06-02 11:17:39 -0400},
	title = {CodeRL: Mastering Code Generation through Pretrained Models and Deep Reinforcement Learning},
	year = {2022}}

@article{WLGBLH23,
	author = {Wang, Yue and Le, Hung and Gotmare, Akhilesh Deepak and Bui, Nghi D.Q. and Li, Junnan and Hoi, Steven C. H.},
	date-modified = {2025-06-02 11:16:34 -0400},
	journal = {arXiv preprint},
	title = {CodeT5+: Open Code Large Language Models for Code Understanding and Generation},
	year = {2023}}

@article{LCCK22,
	author = {Li, Yujia and Choi, David and Chung, Junyoung and Kushman, Nate and Schrittwieser, Julian and Leblond, R{\'e}mi and Eccles, Tom and Keeling, James and Gimeno, Felix and Dal Lago, Agustin and Hubert, Thomas and Choy, Peter and de Masson d'Autume, Cyprien and Babuschkin, Igor and Chen, Xinyun and Huang, Po-Sen and Welbl, Johannes and Gowal, Sven and Cherepanov, Alexey and Molloy, James and Mankowitz, Daniel J. and Sutherland Robson, Esme and Kohli, Pushmeet and de Freitas, Nando and Kavukcuoglu, Koray and Vinyals, Oriol},
	date-modified = {2025-06-02 11:28:47 -0400},
	doi = {10.1126/science.abq1158},
	issn = {1095-9203},
	journal = {Science},
	month = dec,
	number = {6624},
	pages = {1092--1097},
	publisher = {American Association for the Advancement of Science (AAAS)},
	title = {Competition-level code generation with AlphaCode},
	url = {http://dx.doi.org/10.1126/science.abq1158},
	volume = {378},
	year = {2022},
	bdsk-url-1 = {http://dx.doi.org/10.1126/science.abq1158}}

@misc{CodeX,
	archiveprefix = {arXiv},
	author = {Mark Chen and Jerry Tworek and Heewoo Jun and Qiming Yuan and Henrique Ponde de Oliveira Pinto and Jared Kaplan and Harri Edwards and Yuri Burda and Nicholas Joseph and Greg Brockman and Alex Ray and Raul Puri and Gretchen Krueger and Michael Petrov and Heidy Khlaaf and Girish Sastry and Pamela Mishkin and Brooke Chan and Scott Gray and Nick Ryder and Mikhail Pavlov and Alethea Power and Lukasz Kaiser and Mohammad Bavarian and Clemens Winter and Philippe Tillet and Felipe Petroski Such and Dave Cummings and Matthias Plappert and Fotios Chantzis and Elizabeth Barnes and Ariel Herbert-Voss and William Hebgen Guss and Alex Nichol and Alex Paino and Nikolas Tezak and Jie Tang and Igor Babuschkin and Suchir Balaji and Shantanu Jain and William Saunders and Christopher Hesse and Andrew N. Carr and Jan Leike and Josh Achiam and Vedant Misra and Evan Morikawa and Alec Radford and Matthew Knight and Miles Brundage and Mira Murati and Katie Mayer and Peter Welinder and Bob McGrew and Dario Amodei and Sam McCandlish and Ilya Sutskever and Wojciech Zaremba},
	date-modified = {2025-06-02 11:36:51 -0400},
	eprint = {2107.03374},
	primaryclass = {cs.LG},
	title = {Evaluating Large Language Models Trained on Code},
	url = {https://arxiv.org/abs/2107.03374},
	year = {2021},
	bdsk-url-1 = {https://arxiv.org/abs/2107.03374}}

@book{russell2001lydian,
	address = {Brookline, MA},
	author = {George Russell},
	edition = {Fourth Edition},
	pages = {xi + 252},
	publisher = {Concept Publishing},
	title = {The Lydian Chromatic Concept of Tonal Organization},
	year = {2001}}

@book{Weil,
	author = {Weil, Andr{\'e}},
	date-added = {2023-05-04 07:27:16 -0400},
	date-modified = {2023-05-04 07:27:25 -0400},
	fseries = {Grundlehren der Mathematischen Wissenschaften},
	issn = {0072-7830},
	keywords = {11Rxx,11Sxx,11-01},
	language = {English},
	publisher = {Springer, Cham},
	series = {Grundlehren Math. Wiss.},
	title = {Basic number theory. 3rd ed},
	volume = {144},
	year = {1974},
	zbl = {0326.12001},
	zbmath = {3510416}}

@article{Vladimirov88,
	author = {Vladimirov, V. S.},
	date-added = {2023-04-25 16:43:42 -0400},
	date-modified = {2023-04-25 16:44:00 -0400},
	doi = {10.1070/RM1988v043n05ABEH001924},
	fjournal = {Russian Mathematical Surveys},
	issn = {0036-0279},
	journal = {Russ. Math. Surv.},
	keywords = {46S10,46F05,46F10,46F12,81T60},
	language = {English},
	number = {5},
	pages = {19--64},
	title = {Generalized functions over the field of p-adic numbers},
	volume = {43},
	year = {1988},
	zbl = {0678.46053},
	zbmath = {4111353},
	bdsk-url-1 = {https://doi.org/10.1070/RM1988v043n05ABEH001924}}

@book{Berkovich,
	author = {Berkovich, Vladimir G.},
	date-added = {2023-04-25 09:51:37 -0400},
	date-modified = {2023-04-25 09:51:45 -0400},
	fseries = {Mathematical Surveys and Monographs},
	isbn = {0-8218-1534-2},
	issn = {0076-5376},
	keywords = {14G20,32P05},
	language = {English},
	publisher = {Providence, RI: American Mathematical Society},
	series = {Math. Surv. Monogr.},
	title = {Spectral theory and analytic geometry over non-{Archimedean} fields},
	volume = {33},
	year = {1990},
	zbl = {0715.14013},
	zbmath = {47872}}

@article{KozKhre,
	author = {Kozyrev, S. V. and Khrennikov, A. Yu.},
	date-added = {2023-04-23 16:49:10 -0400},
	date-modified = {2023-04-23 16:49:41 -0400},
	doi = {10.1134/S1064562411020220},
	fjournal = {Doklady Mathematics},
	issn = {1064-5624},
	journal = {Dokl. Math.},
	keywords = {42C40,11S80,47G10},
	language = {English},
	number = {2},
	pages = {209--212},
	title = {{{\(p\)}}-adic integral operators in wavelet bases},
	volume = {83},
	year = {2011},
	zbl = {1250.42093},
	zbmath = {5998368},
	bdsk-url-1 = {https://doi.org/10.1134/S1064562411020220}}

@article{Kozyrev,
	author = {Kozyrev, S. V.},
	date-added = {2023-04-23 16:49:03 -0400},
	date-modified = {2023-04-23 16:49:27 -0400},
	doi = {10.1070/IM2002v066n02ABEH000381},
	fjournal = {Izvestiya: Mathematics},
	issn = {1064-5632},
	journal = {Izv. Math.},
	keywords = {42C40,46S10},
	language = {English},
	number = {2},
	pages = {367--376},
	title = {Wavelet theory as {{\(p\)}}-adic spectral analysis},
	volume = {66},
	year = {2002},
	zbl = {1016.42025},
	zbmath = {1902129},
	bdsk-url-1 = {https://doi.org/10.1070/IM2002v066n02ABEH000381}}

@book{SN,
	author = {Strang, Gilbert and Nguyen, Truong},
	date-added = {2023-04-23 09:56:18 -0400},
	date-modified = {2023-04-23 09:56:31 -0400},
	isbn = {0-9614088-7-1},
	keywords = {94-01,94-02,94A12,42C15,94A11},
	language = {English},
	publisher = {Wellesley, MA: Wellesley-Cambridge Press},
	title = {Wavelets and filter banks},
	year = {1996},
	zbl = {1254.94002},
	zbmath = {6111018}}

@book{Mallat,
	author = {Mallat, St{\'e}phane},
	date-added = {2023-04-23 09:49:25 -0400},
	date-modified = {2023-04-23 09:49:37 -0400},
	edition = {3rd ed.},
	isbn = {978-0-12-374370-1},
	keywords = {94-02,94-01,94A12,94A08,65T60,42C15,42C40},
	language = {English},
	publisher = {Amsterdam: Elsevier/Academic Press},
	title = {A wavelet tour of signal processing. {The} sparse way.},
	url = {www.sciencedirect.com/science/book/9780123743701},
	year = {2009},
	zbl = {1170.94003},
	zbmath = {5570252},
	bdsk-url-1 = {www.sciencedirect.com/science/book/9780123743701}}

@book{GHv2,
	author = {Goldfeld, Dorian and Hundley, Joseph},
	date-added = {2023-04-22 16:25:21 -0400},
	date-modified = {2023-04-22 16:25:34 -0400},
	fseries = {Cambridge Studies in Advanced Mathematics},
	isbn = {978-1-107-00799-4},
	keywords = {11F70,11-02,11F66,11F12,22E50,22E55},
	language = {English},
	publisher = {Cambridge: Cambridge University Press},
	series = {Camb. Stud. Adv. Math.},
	title = {Automorphic representations and {{\(L\)}}-functions for the general linear group. {Volume} 2. {With} exercises by {Xander} {Faber}},
	volume = {130},
	year = {2011},
	zbl = {1253.11060},
	zbmath = {5883469}}

@book{GHv1,
	author = {Goldfeld, Dorian and Hundley, Joseph},
	date-added = {2023-04-22 16:23:28 -0400},
	date-modified = {2023-04-22 16:23:37 -0400},
	fseries = {Cambridge Studies in Advanced Mathematics},
	isbn = {978-0-521-47423-8},
	keywords = {11F41,11F70,11-02,11F66,11F12,11F85,22E50,22E55,22E45},
	language = {English},
	publisher = {Cambridge: Cambridge University Press},
	series = {Camb. Stud. Adv. Math.},
	title = {Automorphic representations and {{\(L\)}}-functions for the general linear group. {Volume} 1. {With} exercises by {Xander} {Faber}},
	volume = {129},
	year = {2011},
	zbl = {1247.11070},
	zbmath = {5852781}}

@book{Guillot,
	author = {Guillot, Pierre},
	date-added = {2023-04-18 08:46:39 -0400},
	date-modified = {2023-04-18 08:46:48 -0400},
	doi = {10.1017/9781108377751},
	isbn = {978-1-108-43224-5; 978-1-108-42177-5; 978-1-108-37775-1},
	keywords = {11-01,11S31,11S25,20J06,16K50},
	language = {English},
	publisher = {Cambridge: Cambridge University Press},
	title = {A gentle course in local class field theory. {Local} number fields, {Brauer} groups, {Galois} cohomology},
	year = {2018},
	zbl = {1423.11002},
	zbmath = {6981823},
	bdsk-url-1 = {https://doi.org/10.1017/9781108377751}}

@misc{CF,
	author = {Cassels, J. W. S. and Fr{\"o}hlich, A.},
	date-added = {2023-04-17 10:16:19 -0400},
	date-modified = {2023-04-17 10:16:27 -0400},
	howpublished = {Proceedings of an instructional conference organized by the {London} {Mathematical} {Society} (a {NATO} {Advanced} {Study} {Institute}) with the support of the {International} {Mathematical} {Union}. {London} and {New} {York}: {Academic} {Press} 1967. xviii, 366 p. 100 s. (1967).},
	keywords = {11-06,00B25,11R37,11-03,11Rxx,11Sxx,11S31,11S80,11R42,11S40},
	language = {English},
	title = {Algebraic number theory},
	year = {1967},
	zbl = {0153.07403},
	zbmath = {3245597}}

@misc{Lang,
	author = {Lang, Serge},
	date-added = {2023-04-17 10:11:51 -0400},
	date-modified = {2023-04-17 10:11:58 -0400},
	howpublished = {Addison-{Wesley} {Series} in {Mathematics}. {Reading}, {Mass}. etc.: {Addison}-{Wesley} {Publishing} {Company}, {Inc}. {IX}, 163p. (1964).},
	keywords = {11-01,11Rxx,11Sxx},
	language = {English},
	title = {Algebraic numbers},
	year = {1964},
	zbl = {0211.38501},
	zbmath = {3335235}}

@book{Geo,
	author = {Tymoczko, Dmitri},
	date-added = {2023-04-01 07:20:37 -0400},
	date-modified = {2023-04-01 07:22:09 -0400},
	month = {March},
	publisher = {Oxford University Press},
	series = {Oxford Studies in Music Theory},
	title = {A Geometry of Music: Harmony and Counterpoint in the Extended Common Practice},
	year = {2011}}

@book{NeoRie,
	date-added = {2023-04-01 07:17:42 -0400},
	date-modified = {2023-04-01 07:18:54 -0400},
	editor = {Gollin, Edward and Rehding, Alexander},
	month = {May},
	publisher = {Oxford University Press},
	series = {Oxford Handbooks},
	title = {The Oxford Handbook of Neo-Riemannian Music Theories},
	year = {2014}}

@book{TenneyScratch,
	author = {Tenney, James},
	date-added = {2023-04-01 07:13:32 -0400},
	date-modified = {2023-04-01 07:16:24 -0400},
	editor = {Polansky, Larry and Pratt, Lauren and Wannamaker, Robert and Winter, Michael},
	month = {October},
	publisher = {University of Illinois Press},
	title = {From Scratch: Writings in Music Theory},
	year = {2014}}

@book{TenneyV1,
	author = {Robert Wannamaker},
	date-added = {2023-04-01 07:10:57 -0400},
	date-modified = {2023-04-01 07:12:26 -0400},
	month = {December},
	publisher = {University of Illinois Press},
	title = {The Music of James Tenney: Volume 1: Contexts and Paradigms},
	volume = {1},
	year = {2021}}

@book{Cohn,
	author = {Cohn, Richard},
	date-added = {2023-04-01 07:05:53 -0400},
	date-modified = {2023-04-01 07:07:32 -0400},
	month = {January},
	publisher = {Oxford University Press},
	series = {Oxford Studies in Music Theory},
	title = {Audacious Euphony: Chromatic Harmony and the Triad's Second Nature},
	year = {2012}}

@unpublished{Tao,
	author = {Tao, Terence},
	date-added = {2023-04-01 06:55:43 -0400},
	date-modified = {2023-04-01 07:00:10 -0400},
	lastchecked = {04/01/2023},
	note = {\url{https://www.math.ucla.edu/~tao/247b.1.07w/}},
	title = {Notes 9 {\&} 10 for MATH 247B : Fourier analysis},
	url = {https://www.math.ucla.edu/~tao/247b.1.07w/},
	bdsk-url-1 = {https://www.math.ucla.edu/~tao/247b.1.07w/}}

@book{Schmitt,
	date-added = {2023-04-01 06:48:14 -0400},
	date-modified = {2023-04-01 06:48:24 -0400},
	editor = {Schmitt, Alexander H. W.},
	fseries = {Trends in Mathematics},
	isbn = {978-3-0346-0287-7},
	issn = {2297-0215},
	keywords = {14-06,14M15,14H30,14A20,00B15},
	language = {English},
	publisher = {Basel: Birkh{\"a}user},
	series = {Trends Math.},
	title = {Affine flag manifolds and principal bundles},
	year = {2010},
	zbl = {1193.14003},
	zbmath = {5634087}}

@book{Tim,
	author = {Timashev, Dmitry A.},
	date-added = {2023-03-31 12:28:54 -0400},
	date-modified = {2023-03-31 12:29:04 -0400},
	doi = {10.1007/978-3-642-18399-7},
	fseries = {Encyclopaedia of Mathematical Sciences},
	isbn = {978-3-642-18398-0; 978-3-642-18399-7},
	issn = {0938-0396},
	keywords = {14L30,14-02,14M15,14M17},
	language = {English},
	publisher = {Berlin: Springer},
	series = {Encycl. Math. Sci.},
	title = {Homogeneous spaces and equivariant embeddings},
	volume = {138},
	year = {2011},
	zbl = {1237.14057},
	zbmath = {5844504},
	bdsk-url-1 = {https://doi.org/10.1007/978-3-642-18399-7}}

@book{Serre,
	author = {Serre, Jean-Pierre},
	date-added = {2023-03-31 12:27:51 -0400},
	date-modified = {2023-03-31 12:28:45 -0400},
	edition = {Corrected 2nd printing of the 1980 original},
	fseries = {Springer Monographs in Mathematics},
	isbn = {3-540-44237-5},
	issn = {1439-7382},
	keywords = {20-02,20E08,20G25,20E06,20F65,20E42,05C05},
	language = {English},
	publisher = {Berlin: Springer},
	series = {Springer Monogr. Math.},
	title = {Trees. {Transl}. from the {French} by {John} {Stillwell}.},
	year = {2003},
	zbl = {1013.20001},
	zbmath = {1842475}}

@url{Vakil,
	author = {Vakil, Ravi},
	date-added = {2023-03-30 16:13:27 -0400},
	date-modified = {2023-03-30 16:15:47 -0400},
	title = {The Rising Sea},
	urldate = {http://math.stanford.edu/~vakil/216blog/FOAGdec3122public.pdf}}

@book{Pont,
	author = {Pontrjagin, L.},
	date-added = {2023-03-30 16:02:40 -0400},
	date-modified = {2023-03-30 16:02:47 -0400},
	fseries = {Princeton Mathematical Series},
	jfm = {65.0872.02},
	keywords = {22-01},
	language = {English},
	publisher = {Princeton University Press, Princeton, NJ},
	series = {Princeton Math. Ser.},
	title = {Topological groups. ({Translated} by {Emma} {Lehmer})},
	volume = {2},
	year = {1939},
	zbmath = {2512250}}

@book{Proc,
	author = {Procesi, Claudio},
	date-added = {2023-03-30 15:56:18 -0400},
	date-modified = {2023-03-30 15:56:24 -0400},
	fseries = {Universitext},
	isbn = {0-387-26040-4},
	issn = {0172-5939},
	keywords = {22-02,22E10,05E10,05E15,14L24,14M15,17B10,20G05,13A50},
	language = {English},
	publisher = {New York, NY: Springer},
	series = {Universitext},
	title = {Lie groups. {An} approach through invariants and representations},
	year = {2007},
	zbl = {1154.22001},
	zbmath = {2225793}}

@book{Knapp86,
	author = {Knapp, Anthony W.},
	date-added = {2023-03-30 15:43:22 -0400},
	date-modified = {2023-03-30 15:43:35 -0400},
	fseries = {Princeton Mathematical Series},
	keywords = {22-02,22E46,22E45,22E30,43A90,43A15},
	language = {English},
	publisher = {Princeton University Press, Princeton, NJ},
	series = {Princeton Math. Ser.},
	title = {Representation theory of semisimple groups. {An} overview based on examples},
	volume = {36},
	year = {1986},
	zbl = {0604.22001},
	zbmath = {3975241}}

@book{Knapp02,
	author = {Knapp, Anthony W.},
	date-added = {2023-03-30 15:41:04 -0400},
	date-modified = {2023-03-30 15:41:16 -0400},
	edition = {2nd ed.},
	fseries = {Progress in Mathematics},
	isbn = {0-8176-4259-5},
	issn = {0743-1643},
	keywords = {22E15,22-01,22E46},
	language = {English},
	publisher = {Boston, MA: Birkh{\"a}user},
	series = {Prog. Math.},
	title = {Lie groups beyond an introduction},
	volume = {140},
	year = {2002},
	zbl = {1075.22501},
	zbmath = {1849081}}

@misc{GS,
	author = {Guillemin, Victor and Sternberg, Shlomo},
	date-added = {2023-03-30 15:34:03 -0400},
	date-modified = {2023-03-30 15:39:39 -0400},
	howpublished = {Cambridge etc.: {Cambridge} {University} {Press}. {XI}, 468 pp},
	keywords = {37J99,58-02,57R30,81T08,53C80,53D50,37J35,37K10,57S25,81V45},
	language = {English},
	title = {Symplectic techniques in physics},
	year = {1984},
	zbl = {0576.58012},
	zbmath = {3921572}}

@book{FH,
	author = {Fulton, William and Harris, Joe},
	date-added = {2023-03-30 15:29:02 -0400},
	date-modified = {2023-03-30 15:29:24 -0400},
	fseries = {Graduate Texts in Mathematics},
	isbn = {0-387-97495-4; 0-387-97527-6},
	issn = {0072-5285},
	keywords = {22-01,20-01,20G05,22E46,17B10,22E60,17B20,17-01},
	language = {English},
	publisher = {New York etc.: Springer-Verlag},
	series = {Grad. Texts Math.},
	title = {Representation theory. {A} first course},
	volume = {129},
	year = {1991},
	zbl = {0744.22001},
	zbmath = {51906}}
